@misc{y4xQSGWX4zbPtr6q,
  title = {One wheel},
  medium = {online},
  accessed = {2020-07-08},
  URL = {https://onewheel.com/},
}

